    
@inproceedings{DBLP:conf/semweb/SantosRB17,
  author    = {F{\'{a}}bio Marcos de Abreu Santos and
               Kate Revoredo and
               Fernanda Araujo Bai{\~{a}}o},
  title     = {Paving a research roadmap on network of ontologies},
  booktitle = {Proceedings of the 12th International Workshop on Ontology Matching
               co-located with the 16th International Semantic Web Conference {(ISWC}
               2017), Vienna, Austria, October 21, 2017.},
  pages     = {221--222},
  year      = {2017},
  crossref  = {DBLP:conf/semweb/2017om},
  url       = {http://ceur-ws.org/Vol-2032/om2017\_poster8.pdf},
  timestamp = {Tue, 30 Jan 2018 06:44:30 +0100},
  biburl    = {https://dblp.org/rec/bib/conf/semweb/SantosRB17},
  bibsource = {dblp computer science bibliography, https://dblp.org}
}

@inproceedings{da2017semantic,
  title={Semantic interactive ontology matching: synergistic combination of techniques to improve the set of candidate correspondences},
  author={Da Silva, Jomar and Baiao, Fernanda Araujo and Revoredo, Kate and Euzenat, J{\'e}r{\^o}me},
  booktitle={OM 2017-12th ISWC workshop on ontology matching},
  pages={13--24},
  year={2017},
  organization={No commercial editor.}
}

@inproceedings{da2017alin,
  title={ALIN Results for OAEI 2017},
  author={da Silva, Jomar and Baiao, Fernanda Araujo and Revoredo, Kate},
  booktitle={OM-2017: Proceedings of the Twelfth International Workshop on Ontology Matching},
  pages={114},
  year={2017}
}

@inproceedings{megdiche2016extensible,
  title={An extensible linear approach for holistic ontology matching},
  author={Megdiche, Imen and Teste, Olivier and Trojahn, Cassia},
  booktitle={International Semantic Web Conference},
  pages={393--410},
  year={2016},
  organization={Springer}
}

@article{david2011alignment,
  title={The alignment API 4.0},
  author={David, J{\'e}r{\^o}me and Euzenat, J{\'e}r{\^o}me and Scharffe, Fran{\c{c}}ois and Trojahn dos Santos, C{\'a}ssia},
  journal={Semantic web},
  volume={2},
  number={1},
  pages={3--10},
  year={2011},
  publisher={IOS Press}
}

@article{shvaiko2013ontology,
  title={Ontology matching: state of the art and future challenges},
  author={Shvaiko, Pavel and Euzenat, J{\'e}r{\^o}me},
  journal={IEEE Transactions on knowledge and data engineering},
  volume={25},
  number={1},
  pages={158--176},
  year={2013},
  publisher={IEEE}
}

@inproceedings{euzenat2014first,
  title={First experiments in cultural alignment repair (extended version)},
  author={Euzenat, J{\'e}r{\^o}me},
  booktitle={European Semantic Web Conference},
  pages={115--130},
  year={2014},
  organization={Springer}
}

@article{kermarrec2007gossiping,
  title={Gossiping in distributed systems},
  author={Kermarrec, Anne-Marie and Van Steen, Maarten},
  journal={ACM SIGOPS Operating Systems Review},
  volume={41},
  number={5},
  pages={2--7},
  year={2007},
  publisher={ACM}
}

@inproceedings{casanova2012operations,
  title={Operations over Lightweight Ontologies},
  author={Casanova, Marco A and de Mac{\^e}do, Jos{\'e} AF and Sacramento, Eveline R and Pinheiro, {\^A}ngela MA and Vidal, V{\^a}nia MP and Breitman, Karin K and Furtado, Antonio L},
  booktitle={OTM Confederated International Conferences" On the Move to Meaningful Internet Systems"},
  pages={646--663},
  year={2012},
  organization={Springer}
}

@inproceedings{magalhaes2017implementation,
  title={On the Implementation of an Algebra of Lightweight Ontologies},
  author={Magalh{\~a}es, R{\^o}mulo C and Casanova, Marco A and Nunes, Bernardo P and Lopes, Giseli Rabello},
  booktitle={Proceedings of the 21st International Database Engineering \& Applications Symposium},
  pages={169--175},
  year={2017},
  organization={ACM}
}

@article{hsu1975algorithm,
  title={An algorithm for finding a minimal equivalent graph of a digraph},
  author={Hsu, Harry T},
  journal={Journal of the ACM (JACM)},
  volume={22},
  number={1},
  pages={11--16},
  year={1975},
  publisher={ACM}
}

@article{fitzgerald2013model,
  title={Model-based engineering for systems of systems: the compass manifesto},
  author={Fitzgerald, John and Foster, Simon and Ingram, Claire and Larsen, Peter Gorm and Woodcock, Jim},
  journal={COMPASS Interest Group, Tech. Rep. Manifesto Version},
  volume={1},
  year={2013}
}

@inproceedings{boehm2006view,
  title={A view of 20th and 21st century software engineering},
  author={Boehm, Barry},
  booktitle={Proceedings of the 28th international conference on Software engineering},
  pages={12--29},
  year={2006},
  organization={ACM}
}

@article{maier1998architecting,
  title={Architecting principles for systems-of-systems},
  author={Maier, Mark W},
  journal={Systems Engineering: The Journal of the International Council on Systems Engineering},
  volume={1},
  number={4},
  pages={267--284},
  year={1998},
  publisher={Wiley Online Library}
}

@inproceedings{giese2015towards,
  title={Towards smart systems of systems},
  author={Giese, Holger and Vogel, Thomas and W{\"a}tzoldt, Sebastian},
  booktitle={International Conference on Fundamentals of Software Engineering},
  pages={1--29},
  year={2015},
  organization={Springer}
}


@article{jeanmary2009a,
  author    = {Yves Jean-Mary and Patrick Shironoshita and Mansur Kabuka},
  title     = {Ontology matching with semantic verification},
  journal   = {Journal of Web Semantics},
  volume    = {7},
  number    = {3},
  year      = {2009},
  pages     = {235--251}
}

@article{lambrix2013a,
  author    = {Patrick Lambrix and Valentina Ivanova},
  title     = {A unified approach for debugging is-a structure and mappings in networked taxonomies},
  journal = {Journal of biomedical semantics},
  Volume = {4},
  year      = {2013},
  pages     = {10}
}

@inproceedings{euzenat2017a,
        AUTHOR = "Euzenat, J\'{e}r\^{o}me",
        TITLE = "Interaction-based ontology alignment repair with expansion and relaxation",
	BOOKTITLE = "Proc. 26th International Joint Conference on Artificial Intelligence (IJCAI), Melbourne (VIC AU)",
PAGES = "185--191",
YEAR = 2017}

@article{euzenat2015a, 
	AUTHOR = "{Euzenat}, {J\'er\^ome}",
	TITLE = "Revision in networks of ontologies",
	JOURNAL = "Artificial intelligence",
	PUBLISHER = "Elsevier",
	ADDRESS = "Amsterdam (NL)",
	VOLUME = "228",
	PAGES = "195-216",
	YEAR = "2015",
	URL = "ftp://ftp.inrialpes.fr/pub/exmo/publications/euzenat2015a.pdf",
	LANGUAGE = "en",
	x-id-hal = {hal-01188763},
	x-creator = "BibML2BibTeX"}
	
@article{gruber1995toward,
  title={Toward principles for the design of ontologies used for knowledge sharing?},
  author={Gruber, Thomas R},
  journal={International journal of human-computer studies},
  volume={43},
  number={5-6},
  pages={907--928},
  year={1995},
  publisher={Elsevier}
}

@inproceedings{maass2009pattern,
  title={A Pattern-based Ontology Building Method for Ambient Environments},
  booktitle = {Workshop on Ontology Patterns-WOP2009 at the 8th International Semantic Web Conference (ISWC)},
  author={Maass, W and Janzen, S},
  journal={Washington, DC},
  year={2009}
}

@inbook{nardi2003introduction,
  title={An introduction to description logics.},
  author={Nardi, Daniele and Brachman, Ronald J and others},
  booktitle={Description logic handbook},
  volume={1},
  pages={40},
  year={2003}
}

@article{wrobel1996first,
  title={First order theory refinement},
  author={Wrobel, Stefan},
  journal={Advances in inductive logic programming},
  volume={32},
  pages={14--33},
  year={1996},
  publisher={Citeseer}
}

@article{muggleton1994inductive,
  title={Inductive logic programming: Theory and methods},
  author={Muggleton, Stephen and De Raedt, Luc},
  journal={The Journal of Logic Programming},
  volume={19},
  pages={629--679},
  year={1994},
  publisher={Elsevier}
}

@article{richards1995automated,
  title={Automated refinement of first-order horn-clause domain theories},
  author={Richards, Bradley L and Mooney, Raymond J},
  journal={Machine Learning},
  volume={19},
  number={2},
  pages={95--131},
  year={1995},
  publisher={Springer}
}

@article{duboc2009using,
  title={Using the bottom clause and mode declarations in {FOL} theory revision from examples},
  author={Duboc, Ana Lu{\'\i}sa and Paes, Aline and Zaverucha, Gerson},
  journal={Machine learning},
  volume={76},
  number={1},
  pages={73--107},
  year={2009},
  publisher={Springer}
}

@book{euzenat2013c,
	Author = {J\'er\^ome Euzenat and Pavel Shvaiko},
	Title = {Ontology matching},
        Edition = {2nd},
	Publisher = {Springer},
	Address = {Heidelberg (DE)},
	Year = 2013}

@article{sommer1996theory,
  title={Theory Restructuring: Coarse-grained Integration of Strategies for Induction \& Maintenance of Knowledge Bases},
  author={Sommer, Edgar},
  journal={Pr o cee{\L} $ in g s o4 the3n{\'Z} $ Internati o nalW o rksh o p o n M ltistrate g y Learnin g},
  pages={177--190},
  year={1996}
}

@article{guarino1995formal,
  title={Formal ontology, conceptual analysis and knowledge representation},
  author={Guarino, Nicola},
  journal={International journal of human-computer studies},
  volume={43},
  number={5-6},
  pages={625--640},
  year={1995},
  publisher={Elsevier}
}

@inproceedings{guedes2014digging,
  title={Digging Ontology Correspondence Antipatterns.},
  author={Guedes, Anselmo and Bai{\~a}o, Fernanda Araujo and Revoredo, Kate},
  booktitle={WOP},
  pages={38--48},
  year={2014}
}

@inproceedings{jimenez2011logmap,
  title={Logmap: Logic-based and scalable ontology matching},
  author={Jim{\'e}nez-Ruiz, Ernesto and Cuenca Grau, Bernardo },
  booktitle={International Semantic Web Conference},
  pages={273--288},
  year={2011},
  organization={Springer}
}

@phdthesis{dragisic2017a,
  title={Completion of ontologies and networks of ontologies},
  author={Zlatan Dragisic},
  year={2017},
  school={Link\"{o}ping university}
}

@phdthesis{meilicke2011alignment,
  title={Alignment incoherence in ontology matching},
  author={Meilicke, Christian},
  year={2011},
  school={Universit{\"a}t Mannheim}
}

@inproceedings{jimenez2013evaluating,
  title={Evaluating mapping repair systems with large biomedical ontologies},
  author={Jim{\'e}nez-Ruiz, Ernesto and Meilicke, Christian and Cuenca Grau, Bernardo and Horrocks, Ian},
  booktitle={26th International Workshop on Description Logics},
  year={2013}
}